<record><leader>00000cas a22000007a 4500</leader><controlfield tag="001">12396505</controlfield><controlfield tag="008">850817d18441864pauwr ne      0    0eng d</controlfield><datafield ind1=" " ind2=" " tag="010"><subfield code="a">sn 85038431 </subfield></datafield><datafield ind1=" " ind2=" " tag="040"><subfield code="a">NPY</subfield><subfield code="b">eng</subfield><subfield code="c">NPY</subfield><subfield code="d">NPX</subfield><subfield code="d">NPH</subfield><subfield code="d">NPV</subfield><subfield code="d">NPH</subfield><subfield code="d">OCLCQ</subfield><subfield code="d">AQM</subfield></datafield><datafield ind1=" " ind2=" " tag="042"><subfield code="a">msc</subfield></datafield><datafield ind1="0" ind2="0" tag="245"><subfield code="a">Mercer County Whig.</subfield></datafield><datafield ind1="1" ind2="3" tag="246"><subfield code="a">Mercer Whig</subfield></datafield><datafield ind1=" " ind2=" " tag="260"><subfield code="a">Mercer [Pa.] :</subfield><subfield code="b">John B. Butler</subfield></datafield><datafield ind1=" " ind2=" " tag="300"><subfield code="a">v. ;</subfield><subfield code="c">62 cm.</subfield></datafield><datafield ind1=" " ind2=" " tag="310"><subfield code="a">Weekly</subfield></datafield><datafield ind1="1" ind2=" " tag="362"><subfield code="a">Began with June 15, 1844 issue; ceased in Mar. 1864.</subfield><subfield code="z">Cf. NIM.</subfield></datafield><datafield ind1=" " ind2=" " tag="525"><subfield code="a">Includes supplements, &lt;1845&gt;.</subfield></datafield><datafield ind1=" " ind2=" " tag="588"><subfield code="a">Description based on: Vol. 2, no. 1 (June 19, 1845).</subfield></datafield><datafield ind1=" " ind2="7" tag="655"><subfield code="a">Anti-slavery newspapers.</subfield><subfield code="2">ngl</subfield></datafield><datafield ind1=" " ind2=" " tag="752"><subfield code="a">United States</subfield><subfield code="b">Pennsylvania</subfield><subfield code="c">Mercer</subfield><subfield code="d">Mercer.</subfield></datafield><datafield ind1="0" ind2="7" tag="785"><subfield code="t">Mercer County dispatch</subfield><subfield code="w">(DLC)sn 86053628</subfield></datafield><datafield ind1="0" ind2="7" tag="785"><subfield code="t">Whig and dispatch</subfield><subfield code="w">(DLC)sn 88086099</subfield></datafield></record>